@article{chang_2008_a,
  author = {Chang, Ruay-Shiung and Chang, Hui-Ping},
  month = {01},
  pages = {277-295},
  title = {A dynamic data replication strategy using access-weights in data grids},
  doi = {10.1007/s11227-008-0172-6},
  urldate = {2021-05-05},
  volume = {45},
  year = {2008},
  journal = {The Journal of Supercomputing}
}

@article{gill_2016_a,
  author = {Gill, Navneet Kaur and Singh, Sarbjeet},
  month = {12},
  pages = {10-32},
  title = {A dynamic, cost-aware, optimized data replication strategy for heterogeneous cloud data centers},
  doi = {10.1016/j.future.2016.05.016},
  urldate = {2019-12-19},
  volume = {65},
  year = {2016},
  journal = {Future Generation Computer Systems}
}

@article{shen_2008_ead,
  author = {Shen, Haiying},
  month = {09},
  title = {EAD: An Efficient and Adaptive Decentralized File Replication Algorithm in P2P File Sharing Systems},
  doi = {10.1109/p2p.2008.37},
  urldate = {2022-12-02},
  year = {2008},
  journal = {2008 Eighth International Conference on Peer-to-Peer Computing}
}

@article{sun_2019_rrsd,
  author = {Sun, ShengYao and Yao, WenBin and Qiao, BaoJun and Zong, Ming and He, Xin and Li, XiaoYong},
  month = {11},
  pages = {844–858},
  title = {RRSD: A file replication method for ensuring data reliability and reducing storage consumption in a dynamic Cloud-P2P environment},
  doi = {10.1016/j.future.2019.05.054},
  urldate = {2022-12-02},
  volume = {100},
  year = {2019},
  journal = {Future Generation Computer Systems}
}

@article{lian_2005_on,
  author = {Lian, Qiao and Chen, Wei and Zhang, Zheng},
  month = {06},
  pages = {187–196},
  title = {On the Impact of Replica Placement to the Reliability of Distributed Brick Storage Systems},
  doi = {10.1109/ICDCS.2005.56},
  urldate = {2022-12-02},
  year = {2005},
  journal = {IEEE Xplore}
}

@article{heindl_2009_peertopeer,
  author = {Heindl, Eduard},
  month = {06},
  pages = {174–176},
  title = {Peer-to-peer (P2P) earthquake warning system based on collaborative sensing},
  doi = {10.1109/DEST.2009.5276696},
  urldate = {2022-12-02},
  year = {2009},
  journal = {IEEE Xplore}
}

@article{sun_2009_dynamic,
  author = {Sun, Xin and Zheng, Jun and Liu, Qiongxin and Liu, Yushu},
  month = {11},
  pages = {829–834},
  title = {Dynamic Data Replication Based on Access Cost in Distributed Systems},
  doi = {10.1109/ICCIT.2009.198},
  urldate = {2022-12-02},
  year = {2009},
  journal = {IEEE Xplore}
}

@article{liu_2009_from,
  author = {Liu, Lu and Antonopoulos, Nick},
  month = {10},
  pages = {71-89},
  title = {From Client-Server to P2P Networking},
  doi = {10.1007/978-0-387-09751-0_3},
  urldate = {2022-12-02},
  year = {2009},
  journal = {Handbook of Peer-to-Peer Networking}
}

@article{amjad_2012_a,
  author = {Amjad, Tehmina and Sher, Muhammad and Daud, Ali},
  month = {02},
  pages = {337-349},
  title = {A survey of dynamic replication strategies for improving data availability in data grids},
  doi = {10.1016/j.future.2011.06.009},
  urldate = {2021-11-11},
  volume = {28},
  year = {2012},
  journal = {Future Generation Computer Systems}
}

@misc{ling_2007_fuzzy,
  author = {Ling, Wing-Kuen},
  title = {Fuzzy Membership Function - an overview | ScienceDirect Topics},
  url = {https://www.sciencedirect.com/topics/computer-science/fuzzy-membership-function},
  urldate = {2022-12-02},
  year = {2007},
  organization = {www.sciencedirect.com}
}

@article{sun_2018_dars,
  author = {Sun, ShengYao and Yao, WenBin and Li, XiaoYong},
  month = {01},
  pages = {31-40},
  title = {DARS: A dynamic adaptive replica strategy under high load Cloud-P2P},
  doi = {10.1016/j.future.2017.07.046},
  urldate = {2022-12-02},
  volume = {78},
  year = {2018},
  journal = {Future Generation Computer Systems}
}

@article{shakarami_2021_data,
  author = {Shakarami, Ali and Ghobaei-Arani, Mostafa and Shahidinejad, Ali and Masdari, Mohammad and Shakarami, Hamid},
  month = {04},
  pages = {2545-2579},
  title = {Data replication schemes in cloud computing: a survey},
  doi = {10.1007/s10586-021-03283-7},
  urldate = {2022-02-03},
  volume = {24},
  year = {2021},
  journal = {Cluster Computing}
}

@article{huang2014modeling,
  title={Modeling and maintaining the reliability of data replica service in cloud storage systems},
  author={Huang, CQ and Li, Y and Wu, HY and Tang, Y and Luo, X},
  journal={J Commun},
  volume={35},
  number={10},
  pages={89--97},
  year={2014}
}

@article{ALAMIMILANI2016229,
title = {A comprehensive review of the data replication techniques in the cloud environments: Major trends and future directions},
journal = {Journal of Network and Computer Applications},
volume = {64},
pages = {229-238},
year = {2016},
issn = {1084-8045},
doi = {https://doi.org/10.1016/j.jnca.2016.02.005},
author = {Bahareh Alami {Milani} and Nima Jafari { Navimipour}},
}

@article{lin_dynamic,  author={Lin, Jenn-Wei and Chen, Chien-Hung and Chang, J. Morris},  journal={IEEE Transactions on Cloud Computing},   title={QoS-Aware Data Replication for Data-Intensive Applications in Cloud Computing Systems},   year={2013},  volume={1},  number={1},  pages={101-115},  doi={10.1109/TCC.2013.1}}

@article{boru_energy,
author = {Boru, Dejene and Kliazovich, Dzmitry and Granelli, Fabrizio and Bouvry, Pascal and Zomaya, Albert Y.},
title = {Energy-Efficient Data Replication in Cloud Computing Datacenters},
year = {2015},
issue_date = {Mar 2015},
publisher = {Kluwer Academic Publishers},
address = {USA},
volume = {18},
number = {1},
issn = {1386-7857},
url = {https://doi.org/10.1007/s10586-014-0404-x},
doi = {10.1007/s10586-014-0404-x},
journal = {Cluster Computing},
month = {mar},
pages = {385–402},
numpages = {18},
}